@inproceedings{RingNet:CVPR:2019,
  title         = {Learning to Regress {3D} Face Shape and Expression from an Image without {3D} Supervision},
  author        = {Sanyal, Soubhik and Bolkart, Timo and Feng, Haiwen and Black, Michael},
  booktitle     = {Proceedings IEEE Conf. on Computer Vision and Pattern Recognition (CVPR)},
  month         = jun,
  pages         = {7763--7772},
  year          = {2019},
  month_numeric = {6}
}

@article{FLAME:SiggraphAsia2017,
  title   = {Learning a model of facial shape and expression from {4D} scans},
  author  = {Li, Tianye and Bolkart, Timo and Black, Michael. J. and Li, Hao and Romero, Javier},
  journal = {ACM Transactions on Graphics, (Proc. SIGGRAPH Asia)},
  volume  = {36},
  number  = {6},
  year    = {2017},
  url     = {https://doi.org/10.1145/3130800.3130813}
}

 @article{Cabanac_2002,
  title   = {What is emotion?},
  volume  = {60},
  issn    = {03766357},
  doi     = {10.1016/S0376-6357(02)00078-5},
  number  = {2},
  journal = {Behavioural Processes},
  author  = {Cabanac, Michel},
  year    = {2002},
  month   = {Nov},
  pages   = {69â€“83}
}

 @book{Mehrabian_Russell_1974,
  place     = {Cambridge},
  title     = {An approach to environmental psychology},
  isbn      = {9780262130905},
  publisher = {M.I.T. Press},
  author    = {Mehrabian, Albert and Russell, James A.},
  year      = {1974}
}


@article{adolphsInvestigatingEmotionsFunctional2018,
  title        = {Investigating {{Emotions}} as {{Functional States Distinct From Feelings}}},
  author       = {Adolphs, Ralph and Andler, Daniel},
  date         = {2018-07},
  journaltitle = {Emotion Review},
  pages        = {191--201},
  issn         = {1754-0739, 1754-0747},
  doi          = {10.1177/1754073918765662},
  year={2018}
}


@article{ekmanArgumentBasicEmotions1992,
  title        = {An Argument for Basic Emotions},
  author       = {Ekman, Paul},
  date         = {1992-05},
  journaltitle = {Cognition and Emotion},
  pages        = {169--200},
  issn         = {0269-9931, 1464-0600},
  doi          = {10.1080/02699939208411068},
  year={1992}
}


@article{cowieEmotionRecognitionHumancomputer2001,
  title        = {Emotion Recognition in Human-Computer Interaction},
  author       = {Cowie, R. and Douglas-Cowie, E. and Tsapatsoulis, N. and Votsis, G. and Kollias, S. and Fellenz, W. and Taylor, J.G.},
  year         = {Jan./2001},
  journaltitle = {IEEE Signal Processing Magazine},
  pages        = {32--80},
  issn         = {10535888},
  doi          = {10.1109/79.911197}
}




@article{bekeleUnderstandingHowAdolescents2013,
  title   = {Understanding {{How Adolescents}} with {{Autism Respond}} to {{Facial Expressions}} in {{Virtual Reality Environments}}},
  author  = {Bekele, Esubalew and Zheng, Zhi and Swanson, Amy and Crittendon, Julie and Warren, Zachary and Sarkar, Nilanjan},
  year    = {2013},
  month   = apr,
  pages   = {711--720},
  issn    = {1077-2626},
  doi     = {10.1109/TVCG.2013.42},
  journal = {IEEE Transactions on Visualization and Computer Graphics}
}

@article{chenAugmentedRealitybasedSelffacial2015,
  title    = {Augmented Reality-Based Self-Facial Modeling to Promote the Emotional Expression and Social Skills of Adolescents with Autism Spectrum Disorders},
  author   = {Chen, Chien-Hsu and Lee, I-Jui and Lin, Ling-Yi},
  year     = {2015},
  month    = jan,
  pages    = {396--403},
  issn     = {08914222},
  doi      = {10.1016/j.ridd.2014.10.015},
  journal  = {Research in Developmental Disabilities},
  language = {en}
}

@article{jabonFacialExpressionAnalysis2011,
  title   = {Facial Expression Analysis for Predicting Unsafe Driving Behavior},
  author  = {Jabon, M. E. and Bailenson, J. N. and Pontikakis, E. and Takayama, L. and Nass, C.},
  year    = {2011},
  month   = apr,
  pages   = {84--95},
  issn    = {1536-1268},
  doi     = {10.1109/MPRV.2010.46},
  journal = {IEEE Pervasive Computing}
}


@inproceedings{lankesFacialExpressionsGame2008,
  title     = {Facial Expressions as Game Input with Different Emotional Feedback Conditions},
  booktitle = {Proceedings of the 2008 {{International Conference}} in {{Advances}} on {{Computer Entertainment Technology}} - {{ACE}} '08},
  author    = {Lankes, Michael and Riegler, Stefan and Weiss, Astrid and Mirlacher, Thomas and Pirker, Michael and Tscheligi, Manfred},
  year      = {2008},
  pages     = {253},
  publisher = {{ACM Press}},
  address   = {{Yokohama, Japan}},
  doi       = {10.1145/1501750.1501809},
  isbn      = {978-1-60558-393-8},
  language  = {en}
}



@inproceedings{jerrittaPhysiologicalSignalsBased2011,
  title     = {Physiological Signals Based Human Emotion {{Recognition}}: A Review},
  booktitle = {2011 {{IEEE}} 7th {{International Colloquium}} on {{Signal Processing}} and Its {{Applications}}},
  author    = {Jerritta, S and Murugappan, M and Nagarajan, R and Wan, Khairunizam},
  year      = {2011},
  month     = mar,
  pages     = {410--415},
  publisher = {{IEEE}},
  address   = {{Penang, Malaysia}},
  doi       = {10.1109/CSPA.2011.5759912},
  isbn      = {978-1-61284-414-5}
}


@article{huangFacialExpressionRecognition2019,
  title    = {Facial Expression Recognition: A Survey},
  author   = {Huang, Yunxin and Chen, Fei and Lv, Shaohe and Wang, Xiaodong},
  year     = {2019},
  month    = sep,
  pages    = {1189},
  issn     = {2073-8994},
  doi      = {10.3390/sym11101189},
  journal  = {Symmetry},
  language = {en}
}










